% This file was created with JabRef 2.10b2.
% Encoding: UTF-8


@Article{Briggs2000,
  Title                    = {A multigrid tutorial SIAM},
  Author                   = {Briggs, William L and Henson, V Emden and McCormick, SF},
  Journal                  = {Philadelphia, PA},
  Year                     = {2000},
  Owner                    = {mwathen},
  Timestamp                = {2013.11.27}
}

@Book{Elman2005,
  Title                    = {Finite Elements and Fast Iterative Solvers: with Applications in Incompressible Fluid Dynamics: with Applications in Incompressible Fluid Dynamics},
  Author                   = {Elman, Howard C and Silvester, David J and Wathen, Andrew J},
  Publisher                = {Oxford University Press},
  Year                     = {2005},

  Owner                    = {mwathen},
  Timestamp                = {2013.11.27}
}

@Article{Hestenes1952,
  Title                    = {Methods of conjugate gradients for solving linear systems},
  Author                   = {Hestenes, Magnus Rudolph and Stiefel, Eduard},
  Journal                  = {National Bureau of Standards},
  Year                     = {1952},

  __markedentry            = {[mwathen:]},
  Owner                    = {mwathen},
  Publisher                = {NBS},
  Timestamp                = {2013.11.28}
}

@Article{Murphy2000,
  Title                    = {A note on preconditioning for indefinite linear systems},
  Author                   = {Murphy, Malcolm F and Golub, Gene H and Wathen, Andrew J},
  Journal                  = {SIAM Journal on Scientific Computing},
  Year                     = {2000},
  Number                   = {6},
  Pages                    = {1969--1972},
  Volume                   = {21},

  __markedentry            = {[mwathen:6]},
  Owner                    = {mwathen},
  Publisher                = {SIAM},
  Timestamp                = {2013.12.05},
  Url                      = {http://epubs.siam.org/doi/abs/10.1137/S1064827599355153}
}

@Article{Silvester1994,
  Title                    = {Fast iterative solution of stabilised Stokes systems part II: using general block preconditioners},
  Author                   = {Silvester, David and Wathen, Andrew},
  Journal                  = {SIAM Journal on Numerical Analysis},
  Year                     = {1994},
  Number                   = {5},
  Pages                    = {1352--1367},
  Volume                   = {31},

  Owner                    = {mwathen},
  Publisher                = {SIAM},
  Timestamp                = {2013.11.27},
  Url                      = {http://epubs.siam.org/doi/abs/10.1137/0731070}
}

@Book{Trottenberg2000,
  Title                    = {Multigrid Methods: Basics},
  Author                   = {Trottenberg, U and Oosterlee, C and Sch{\"u}ller, A},
  Publisher                = {SIAM},
  Year                     = {2000},

  Journal                  = {Parallelism, and Adaptivity},
  Owner                    = {mwathen},
  Timestamp                = {2013.11.27}
}

@Article{Wathen1993,
  Title                    = {Fast iterative solution of stabilised Stokes systems. Part I: Using simple diagonal preconditioners},
  Author                   = {Wathen, Andrew and Silvester, David},
  Journal                  = {SIAM Journal on Numerical Analysis},
  Year                     = {1993},
  Number                   = {3},
  Pages                    = {630--649},
  Volume                   = {30},

  Owner                    = {mwathen},
  Publisher                = {SIAM},
  Timestamp                = {2013.11.27},
  Url                      = {http://epubs.siam.org/doi/abs/10.1137/0730031}
}



@article{brandt1985algebraic,
  title={Algebraic multigrid ({AMG}) for sparse matrix equations},
  author={Brandt, A and McCormick, S and Ruge, J},
  journal={Sparsity and its Applications},
  pages={257},
  year={1985},
  publisher={CUP Archive}
}

@article{brandt1986algebraic,
  title={Algebraic multigrid theory: {T}he symmetric case},
  author={Brandt, Achi},
  journal={Applied Mathematics and Computation},
  volume={19},
  number={1},
  pages={23--56},
  year={1986},
  publisher={Elsevier}
}

@article{ruge1987algebraic,
  title={Algebraic multigrid},
  author={Ruge, JW and St{\"u}ben, Klaus},
  journal={Multigrid methods},
  volume={3},
  pages={73--130},
  year={1987},
  publisher={SIAM, Philadelphia}
}
@article{falgout2006introduction,
  title={An introduction to algebraic multigrid},
  author={Falgout, Robert D},
  journal={Computing in Science and Engineering},
  volume={8},
  number={6},
  pages={24--33},
  year={2006}
}

@book{logg2012automated,
  title={Automated solution of differential equations by the finite element method: The fenics book},
  author={Logg, Anders and Mardal, Kent-Andre and Wells, Garth},
  volume={84},
  year={2012},
  publisher={Springer}
}

@Misc{petsc-web-page,
            Author = "Satish Balay and Jed Brown and Kris Buschelman and William D. Gropp and Dinesh Kaushik and Matthew G. Knepley and Lois Curfman McInnes and Barry F. Smith and Hong Zhang",
            Title = "{PETSc} {W}eb page",
            Note = "http://www.mcs.anl.gov/petsc",
            Year = "2013"
}

@article{henson2002boomeramg,
  title={< i> BoomerAMG</i>: A parallel algebraic multigrid solver and preconditioner},
  author={Henson, Van Emden and Yang, Ulrike Meier},
  journal={Applied Numerical Mathematics},
  volume={41},
  number={1},
  pages={155--177},
  year={2002},
  publisher={Elsevier}
}

@article{paige1975solution,
  title={Solution of sparse indefinite systems of linear equations},
  author={Paige, Christopher C and Saunders, Michael A},
  journal={SIAM Journal on Numerical Analysis},
  volume={12},
  number={4},
  pages={617--629},
  year={1975},
  publisher={SIAM}
}

