@article{brandt1985algebraic,
  title={Algebraic multigrid ({AMG}) for sparse matrix equations},
  author={Brandt, A and McCormick, S and Ruge, J},
  journal={Sparsity and its Applications},
  pages={257},
  year={1985},
  publisher={CUP Archive}
}

@article{brandt1986algebraic,
  title={Algebraic multigrid theory: {T}he symmetric case},
  author={Brandt, Achi},
  journal={Applied Mathematics and Computation},
  volume={19},
  number={1},
  pages={23--56},
  year={1986},
  publisher={Elsevier}
}

@article{ruge1987algebraic,
  title={Algebraic multigrid},
  author={Ruge, JW and St{\"u}ben, Klaus},
  journal={Multigrid methods},
  volume={3},
  pages={73--130},
  year={1987},
  publisher={SIAM, Philadelphia}
}


@article{mccormick2000multigrid,
  title={A multigrid tutorial},
  author={McCormick, S and Briggs, B and Henson, V},
  journal={SIAM, Philadelphia},
  year={2000}
}

@book{trottenberg2000multigrid,
  title={Multigrid},
  author={Trottenberg, Ulrich and Oosterlee, Cornelius W and Schuller, Anton},
  year={2000},
  publisher={Access Online via Elsevier}
}


@article{falgout2006introduction,
  title={An introduction to algebraic multigrid},
  author={Falgout, Robert D},
  journal={Computing in Science and Engineering},
  volume={8},
  number={6},
  pages={24--33},
  year={2006}
}