@STRING{ACMMS =  {ACM Transactions on Mathematical Software}}

@STRING{ARMA = {Archive for Rational Mechanics and Analysis}}

@STRING{CALCOLO = {Calcolo}}

@STRING{CMA = {Computational \& Applied Mathematics}}

@STRING{CMAME = {Computer Methods in Applied Mechanics and Engineering }}

@STRING{COMPMECH = {Computational Mechanics}}

@STRING{CUP = {Cambridge University Press}}

@STRING{DGM = {Discontinuous Galerkin Methods: Theory, Computation and Applications}}

@STRING{DGMref = {Lecture Notes in Computational Science and Engineering}}

@STRING{EASTWEST = {East West Journal of Mathematics}}

@STRING{FEAD = {Finite Elements in Analysis and Design}}

@STRING{IJNME = {International Journal for Numerical Methods in Engineering}}

@STRING{IJNMF = {International Journal or Numerical Methods in Fluids }}

@STRING{IMAJNA = {IMA Journal of Numerical Analysis }}

@STRING{JCP = {Journal of Computational Physics}}

@STRING{JCM = {Journal of Computational Mathematics}}

@STRING{JSCOMP = {Journal of Scientific Computing}}

@STRING{M2AN = {Mathematical Modelling and Numerical Analysis}}

@STRING{M2AS = {Mathematical Methods in The Applied Sciences}}

@STRING{M3AS = {Mathematical Models and Methods in Applied Sciences}}

@STRING{MATHCOMP = {Mathematics of Computation}}

@STRING{NUMMA = {Numerische Mathematik}}

@STRING{NUMMETHPDE = {Numerical Methods for Partial Differential Equations}}

@STRING{OUP = {Oxford University Press}}

@STRING{RAIRO = {RAIRO Mod\'elisation Math\'ematique et Analysis Num\'erique}}

@STRING{SIAMSCISTATCOMP = {SIAM Journal on Scientific Computing}}

@STRING{SIAP = {SIAM Journal on Applied Mathematics}}

@STRING{SICOMP = {SIAM Journal on Computing }}

@STRING{SIMATH = {SIAM Journal on Mathematical Analysis}}

@STRING{SINUM = {SIAM Journal on Numerical Analysis}}

@STRING{SIREV = {SIAM Review}}

@STRING{SISC = {SIAM Journal on Scientific Computing}}

@STRING{SPRINGER = {Springer-Verlag}}


@Misc{petsc-web-page,
    author = {S.~Balay and M.~F.~Adams and J.~Brown and P.~Brune and K.~Buschelman and V.~Eijkhout and W.~D.~Gropp and D.~Kaushik and M.~G.~Knepley and L.~C.~McInnes and K.~Rupp and B.~F.~Smith and H.~Zhang},
    title ={  {{PETS}c {W}eb page}},
    url =    {http://www.mcs.anl.gov/petsc},
    howpublished = {http://www.mcs.anl.gov/petsc},
    year = {2014}
}

@TechReport{petsc-user-ref,
    author = {S.~Balay and M.~F.~Adams and J.~Brown and P.~Brune and K.~Buschelman and V.~Eijkhout and W.~D.~Gropp and D.~Kaushik and M.~G.~Knepley and L.~C.~McInnes and K.~Rupp and B.~F.~Smith and H.~Zhang},
    title  ={ {{PETS}c User's Manual}},
    institution = {Argonne National Laboratory},
    year   = 2013,
    number = {ANL-95/11 - Revision 3.4},
    url    = {http://www.mcs.anl.gov/petsc}
}

@InProceedings{petsc-efficient,
    Author = "S.~Balay and W.~D.~Gropp and L.~Cu.~McInnes and B.~F.~Smith",
    Title = "Efficient Management of Parallelism in Object Oriented Numerical Software Libraries",
    Booktitle ={ "Modern Software Tools in Scientific Computing"},
    Editor = "E.~Arge and A.~M.~Bruaset and H.~P.~Langtangen",
    Pages = "163--202",
    Publisher = "Birkh{\"{a}}user Press",
    Year = "1997"
}


@article{schroeder2000visualizing,
  title={Visualizing with {VTK}: a tutorial},
  author={Schroeder, William J and Avila, Lisa Sobierajski and Hoffman, William},
  journal={Computer Graphics and Applications, IEEE},
  volume={20},
  number={5},
  pages={20--27},
  year={2000},
  publisher={IEEE}
}


@article{Kirby2004a,
  title ={ Algorithm 839: {FIAT}, a New Paradigm for Computing Finite Element Basis Functions},
  author = {R.~C.~Kirby},
  year = {2004},
  journal = ACMMS,
  volume = {30},
  number = {4},
  pages = {502--516},
  doi = {10.1145/1039813.1039820},
}

@article{KirbyKnepleyEtAl2005a,
  title ={ Optimizing the Evaluation of Finite Element Matrices},
  author = {R.~C.~Kirby and M.~G.~Knepley and A.~Logg and L.~R.~Scott},
  year = {2005},
  journal = SISC,
  volume = {27},
  number = {3},
  pages = {741--758},
  doi = {10.1137/040607824},
}

@article{KirbyLogg2006a,
  title ={ A Compiler for Variational Forms},
  author = {R.~C.~Kirby and A.~Logg},
  year = {2006},
  journal = ACMMS,
  volume = {32},
  number = {3},
  doi = {10.1145/1163641.1163644},
  arxiv = {1112.0402},
}

@article{KirbyLoggEtAl2006a,
  title ={Topological Optimization of the Evaluation of Finite Elemen Matrices},
  author = {R.~C.~Kirby and A.~Logg and L.~R.~Scott and A.~R.~Terrel},
  year = {2006},
  journal = SISC,
  volume = {28},
  number = {1},
  pages = {224--240},
  doi = {10.1137/050635547},
}

@article{KirbyScott2007a,
  title ={Geometric Optimization of the Evaluation of Finite Element Matrices},
  author = {R.~C.~Kirby and L.~R.~Scott},
  year = {2007},
  journal = SISC,
  volume = {29},
  number = {2},
  pages = {827--841},
}

@article{KirbyLogg2007a,
  title ={Efficient Compilation of a Class of Variational Forms},
  author = {R.~C.~Kirby and A.~Logg},
  year = {2007},
  journal = ACMMS,
  volume = {33},
  number = {3},
  doi = {10.1145/1268769.1268771},
}

@article{Logg2007a,
  title ={Automating the Finite Element Method},
  author = {A.~Logg},
  year = {2007},
  journal = {Archives of Computational Methods in Engineering},
  volume = {14},
  number = {2},
  pages = {93--138},
  doi = {10.1007/s11831-007-9003-9},
  arxiv = {1112.0433},
}

@article{OlgaardLoggEtAl2008a,
  title ={Automated Code Generation for Discontinuous Galerkin Methods},
  author = {K.~B.~\O{}lgaard and A.~Logg and G.~N.~Wells},
  year = {2008},
  journal = SISC,
  volume = {31},
  number = {2},
  pages = {849--864},
  doi = {10.1137/070710032},
  arxiv = {1104.0628},
}

@article{KirbyLogg2008a,
  title ={Benchmarking Domain-Specific Compiler Optimizations for VariationaL Forms},
  author = {R.~C.~Kirby and A.~Logg},
  year = {2008},
  journal = ACMMS,
  volume = {35},
  number = {2},
  pages = {1--18},
  doi = {10.1145/1377612.1377614},
}

@article{Logg2009a,
  title ={Efficient Representation of Computational Meshes},
  author = {A.~Logg},
  year = {2009},
  journal = {International Journal of Computational Science and Engineering},
  volume = {4},
  number = {4},
  pages = {283--295},
  doi = {10.1504/IJCSE.2009.029164},
}

@article{RognesKirbyEtAl2009a,
  title ={Efficient Assembly of $H$(div) and $H$(curl) Conforming Finie Elements},
  author = {M.~E.~Rognes and R.~C.~Kirby and A.~Logg},
  year = {2009},
  journal = SISC,
  volume = {31},
  number = {6},
  pages = {4130--4151},
  doi = {10.1137/08073901X},
}

@article{AlnaesLoggEtAl2009a,
  title ={Unified Framework for Finite Element Assembly},
  author = {M.~Aln\ae{}s and A.~Logg and K.~A.~Mardal and O.~Skavhaug and H.~P.~Langtangen},
  year = {2009},
  journal = {International Journal of Computational Science and Engineering},
  volume = {4},
  number = {4},
  pages = {231--244},
  doi = {10.1504/IJCSE.2009.029160},
}

@article{AlnaesMardal2010a,
  title ={On the Efficiency of Symbolic Computations Combined With Cod Generation for Finite Element Methods},
  author = {M.~S.~Aln\ae{}s and K.~A.~Mardal},
  year = {2010},
  journal = ACMMS,
  volume = {37},
  number = {1},
  num_pages = {26 pages},
  doi = {10.1145/1644001.1644007},
}

@article{LoggWells2010a,
  title ={{DOLFIN}: Automated Finite Element Computing},
  author = {A.~Logg and G.~N.~Wells},
  year = {2010},
  journal = ACMMS,
  volume = {37},
  number = {2},
  doi = {10.1145/1731022.1731030},
  arxiv = {1103.6248},
  pages = {20:1--20:28},

}

@article{OlgaardWells2010b,
  title ={Optimisations for Quadrature Representations of Finite Element Tensors Through Automated Code Generation},
  author = {K.~B.~\O{}lgaard and G.~N.~Wells},
  year = {2010},
  journal = ACMMS,
  volume = {37},
  pages = {23},
  doi = {10.1145/1644001.1644009},
  arxiv = {1104.0199},
}

@article{HoffmanJanssonEtAl2012a,
  title ={Unicorn: Parallel Adaptive Finite Element Simulation of Turbulen Flow and Fluid-Structure Interaction for Deforming Domains and Complex Geometry},
  author = {J.~Hoffman and J.~Jansson and R.~V.~de Abreu and C.~Degirmenci and N.~Jansson and K.~MÃ¼ller and M.~Nazarov and J.~H.~SpÃ¼hler},
  year = {2012},
  journal = {Computers and Fluids},
  volume = {in press},
}

@article{JanssonJanssonEtAl2012a,
  title ={Framework for Massively Parallel Adaptive Finite Elemen Computational Fluid Dynamics on Tetrahedral Meshes},
  author = {N.~Jansson and J.~Jansson and J.~Hoffman},
  year = {2012},
  journal = SISC,
  volume = {34},
  number = {1},
  pages = {C24--C41},
}

@article{AlnaesEtAl2012,
  title ={Unified Form Language: A domain-specific language for weak formulations of partial differential equations},
  author = {M.~Aln\ae{}s and A.~Logg and K.~B.~\O{}lgaard and M.~E.~Rognes and G.~N.~Wells},
  journal = ACMMS,
  issue_date = {February 2014},
  volume = {40},
  number = {2},
  year = {2014},
  issn = {0098-3500},
  pages = {9:1--9:37},
  articleno = {9},
  numpages = {37},
  url = {http://doi.acm.org/10.1145/2566630},
  doi = {10.1145/2566630},
  acmid = {2566630},
  publisher = {ACM},
  address = {New York, NY, USA},
  keywords = {AD, DSEL, DSL, FEM, PDE, algorithmic differentiation, automatic functional differentiation, discretization, domain specific language, einstein notation, embedded language, finite element method, functional, implicit summation, index notation, mixed element, partial differential equation, symbolic differentiation, tensor algebra, weak form, weak formulation},
}

@book{LoggMardalEtAl2012a,
  title ={Automated Solution of Differential Equations by the Finite Element Method},
  author = {A.~Logg and K.~A.~Mardal and G.~N.~Wells and others},
  year = {2012},
  publisher = {Springer},
  doi = {10.1007/978-3-642-23099-8},
  isbn = {978-3-642-23098-1},
}

@incollection{LoggWellsEtAl2012a,
  title ={{DOLFIN}: a {C}++/{P}ython Finite Element Library},
  author = {A.~Logg and G.~N.~Wells and J.~Hake},
  editor = {A.~Logg and K.~A.~Mardal and G.~N.~Wells},
  year = {2012},
  booktitle ={ {Automated Solution of Differential Equations by the Finite Element Method, Volume 84 of Lecture Notes in Computational} Science and Engineering},
  publisher = {Springer},
  chapter = {10},
}

@incollection{LoggOlgaardEtAl2012a,
  title ={{FFC}: the {FEniCS} Form Compiler},
  author = {A.~Logg and K.~B.~\O{}lgaard and M.~E.~Rognes and G.~N.~Wells},
  editor = {A.~Logg and K.~A.~Mardal and G.~N.~Wells},
  year = {2012},
  booktitle ={ {Automated Solution of Differential Equations by the Finite Element Method, Volume 84 of Lecture Notes in Computational} Science and Engineering},
  publisher = {Springer},
  chapter = {11},
}

@incollection{Kirby2012a,
  title ={{FIAT}: Numerical Construction of Finite Element Basis Functions,},
  author = {R.~C.~Kirby},
  editor = {A.~Logg and K.~A.~Mardal and G.~N.~Wells},
  year = {2012},
  booktitle ={ {Automated Solution of Differential Equations by the Finite Element Method, Volume 84 of Lecture Notes in Computational} Science and Engineering},
  publisher = {Springer},
  chapter = {13},
}

@incollection{AlnaesMardal2012b,
  title ={{SyFi} and {SFC}: Symbolic Finite Elements and Form Compilation},
  author = {M.~S.~Aln\ae{}s and K.~A.~Mardal},
  editor = {A.~Logg and K.~A.~Mardal and G.~N.~Wells},
  year = {2012},
  booktitle ={ {Automated Solution of Differential Equations by the Finite Element Method, Volume 84 of Lecture Notes in Computational} Science and Engineering},
  publisher = {Springer},
  chapter = {15},
}

@incollection{AlnaesLoggEtAl2012a,
  title ={{UFC}: a Finite Element Code Generation Interface},
  author = {M.~S.~Aln\ae{}s and A.~Logg and K.~A.~Mardal},
  editor = {A.~Logg and K.~A.~Mardal and G.~N.~Wells},
  year = {2012},
  booktitle ={ Automated Solution of Differential Equations by the Finite Element Method, Volume 84 of Lecture Notes in Computational Science and Engineering},
  publisher = {Springer},
  chapter = {16},
}

@incollection{Alnaes2012a,
  title ={{UFL}: a Finite Element Form Language},
  author = {M.~Aln\ae{}s},
  chapter = {17},
  editor = {A.~Logg and K.~A.~Mardal and G.~N.~Wells},
  booktitle      = {Automated Solution of Differential Equations by the Finite Element Method, Volume 84 of Lecture Notes in Computational Science and Engineering},
  publisher = {Springer},
  year = 2012
}


@incollection{HoffmanJanssonEtAl2012a,
  title ={Unicorn: a Unified Continuum Mechanics Solver},
  author = {J.~Hoffman and J.~Jansson and C.~Degirmenci and N.~Jansson and M.~Nazarov},
  editor = {A.~Logg and K.~A.~Mardal and G.~N.~Wells},
  year = {2012},
  booktitle ={ {Automated Solution of Differential Equations by the Finite Element Method, Volume 84 of Lecture Notes in Computational} Science and Engineering},
  publisher = {Springer},
  chapter = {18},
}

@incollection{HoffmanJanssonEtAl2012b,
  title ={Turbulent Flow and Fluid structure Interaction},
  author = {J.~Hoffman and J.~Jansson and N.~Jansson and C. Johnson and R.~V.~de~Abreu},
  editor = {A.~Logg and K.~A.~Mardal and G.~N.~Wells},
  year = {2012},
  booktitle ={ {Automated Solution of Differential Equations by the Finite Element Method, Volume 84 of Lecture Notes in Computational} Science and Engineering},
  publisher = {Springer},
  chapter = {28},
}

@article{nedelec1980mixed,
  title={Mixed finite elements in $\mathbb{R}^3$},
  author={J.~C.~N{\'e}d{\'e}lec},
  journal=NUMMA,
  volume={35},
  number={3},
  pages={315--341},
  year={1980},
  publisher={Springer}
}

@article{Davis:2004:CPS:992200.992205,
 author = {T.~A.~Davis},
 title ={ A Column Pre-ordering Strategy for the Unsymmetric-pattern Multifrontal Method},
 journal = ACMMS,
 issue_date = {June 2004},
 volume = {30},
 number = {2},
 month = jun,
 year = {2004},
 issn = {0098-3500},
 pages = {165--195},
 numpages = {31},
 url = {http://doi.acm.org/10.1145/992200.992205},
 doi = {10.1145/992200.992205},
 acmid = {992205},
 publisher = {ACM},
 address = {New York, NY, USA},
 keywords = {linear equations, multifrontal method, ordering methods, sparse nonsymmetric matrices},
}

@article{Davis:2004:AUV:992200.992206,
 author = {T.~A.~Davis},
 title ={ Algorithm 832: {UMFPACK} V4.3---an Unsymmetric-pattern Multifrontal Method},
 journal = ACMMS,
 issue_date = {June 2004},
 volume = {30},
 number = {2},
 month = jun,
 year = {2004},
 issn = {0098-3500},
 pages = {196--199},
 numpages = {4},
 url = {http://doi.acm.org/10.1145/992200.992206},
 doi = {10.1145/992200.992206},
 acmid = {992206},
 publisher = {ACM},
 address = {New York, NY, USA},
 keywords = {linear equations, multifrontal method, ordering methods, sparse nonsymmetric matrices},
}

@article{Davis:1999:CUM:305658.287640,
 author = {{T.~A.~Davis} and I.~S.~Duff},
 title ={ A Combined Unifrontal/Multifrontal Method for Unsymmetric Sparse Matrices},
 journal = ACMMS,
 issue_date = {March 1999},
 volume = {25},
 number = {1},
 year = {1999},
 issn = {0098-3500},
 pages = {1--20},
 numpages = {20},
 url = {http://doi.acm.org/10.1145/305658.287640},
 doi = {10.1145/305658.287640},
 acmid = {287640},
 publisher = {ACM},
 address = {New York, NY, USA},
 keywords = {frontal methods, linear equations, multifrontal methods, sparse unsymmetric matrices},
}


@article{davis1997unsymmetric,
  title={An unsymmetric-pattern multifrontal method for sparse {LU} factorization},
  author={{T.~A.~Davis} and I.~S.~Duff},
  journal={SIAM Journal on Matrix Analysis and Applications},
  volume={18},
  number={1},
  pages={140--158},
  year={1997},
  publisher={SIAM}
}

@article{henon2002pastix,
  title={{PASTIX}: a high-performance parallel direct solver for sparse symmetric positive definite systems},
  author={P.~H{\'e}non and P.~Ramet and J.~Roman},
  journal={Parallel Computing},
  volume={28},
  number={2},
  pages={301--321},
  year={2002},
  publisher={Elsevier}
}

@article{li05,
    AUTHOR = {X.~S.~Li},
    TITLE = {An Overview of {SuperLU}: Algorithms, Implementation,
             and User Interface},
    journal = ACMMS,
    volume = {31},
    number = {3},
    year = {2005},
    pages = {302-325},
}
@techreport{superlu_ug99,
     AUTHOR = {X.S.~Li and J.~W.~Demmel and J.~R.~Gilbert and L.~Grigori and M.~Shao and
          I.~Yamazaki},
     INSTITUTION = {Lawrence Berkeley National Laboratory},
     NUMBER = {LBNL-44289},
     TITLE = {{SuperLU Users' Guide}},
     YEAR = {1999},
     NOTE = "\url{http://crd.lbl.gov/~xiaoye/SuperLU/}.
             Last update: August 2011"
}

@article{amestoy2000multifrontal,
  title={Multifrontal parallel distributed symmetric and unsymmetric solvers},
  author={P.~R.~Amestoy and I.~S.~Duff and J.~Y.~L'Excellent},
  journal=CMAME,
  volume={184},
  number={2},
  pages={501--520},
  year={2000},
  publisher={Elsevier}
}

@article{amestoy2001fully,
  title={A fully asynchronous multifrontal solver using distributed dynamic scheduling},
  author={P.~R.~Amestoy and I.~S.~Duff and J.~Y.~L'Excellent and J.~Koster},
  journal={SIAM Journal on Matrix Analysis and Applications},
  volume={23},
  number={1},
  pages={15--41},
  year={2001},
  publisher={SIAM}
}

@article{amestoy2006hybrid,
  title={Hybrid scheduling for the parallel solution of linear systems},
  author={P.~R.~Amestoy and A.~Guermouche and J.~Y.~L'Excellent and S.~Pralet},
  journal={Parallel Computing},
  volume={32},
  number={2},
  pages={136--156},
  year={2006},
  publisher={Elsevier}
}

@book{elman2005finite,
  title={Finite Elements and Fast Iterative Solvers: with Applications in Incompressible Fluid Dynamics},
  author={H.~C.~Elman and D.~J.~Silvester and A.~J.~Wathen},
  year={2005},
  publisher={Oxford University Press}
}

@book{elman2014finite,
  title={Finite Elements and Fast Iterative Solvers: with Applications in Incompressible Fluid Dynamics},
  author={H.~C.~Elman and D.~J.~Silvester and A.~J.~Wathen},
  Edition   = {Second},
  year={2014},
  publisher={Oxford University Press}
}


@article{murphy2000note,
  title={A note on preconditioning for indefinite linear systems},
  author={M.~F.~Murphy and G.~H.~Golub and A.~J.~Wathen},
  journal=SISC,
  volume={21},
  number={6},
  pages={1969--1972},
  year={2000},
  publisher={SIAM}
}

@article{elman2006block,
  title={Block preconditioners based on approximate commutators},
  author={H.~C.~Elman and V.~E.~Howle and J.~Shadid and R.~Shuttleworth and R.~Tuminaro},
  journal=SISC,
  volume={27},
  number={5},
  pages={1651--1668},
  year={2006},
  publisher={SIAM}
}

@ARTICLE{Elman96,
  author = {Elman, H. C. and Silvester, D.},
  title = {Fast nonsymmetric iterations and preconditioning for {Navier-Stokes}
  equations},
  journal = {SIAM Journal on Scientific Computing },
  year = {1996},
  volume = {17},
  pages = {33--46},
  number = {1},
  address = {Philadelphia, PA, USA},
  owner = {Administrator},
  publisher = {Society for Industrial and Applied Mathematics},
  timestamp = {2010.10.05}
}

@ARTICLE{Klawonn99,
  author = {Klawonn, A. and Starke, G.},
  title = {Block triangular preconditioners for nonsymmetric saddle point problems:
  field-of-values analysis},
  journal = {Numerische Mathematik},
  year = {1999},
  volume = {81},
  pages = {577-594},
  issue = {4},
  keyword = {Mathematics and Statistics},
  owner = {Administrator},
  publisher = {Springer Berlin / Heidelberg},
  timestamp = {2010.10.07}
}


@article{greif2007preconditioners,
  title={Preconditioners for the discretized time-harmonic {M}axwell equations in mixed form},
  author={C.~Greif and D.~Sch{\"o}tzau},
  journal={Numerical Linear Algebra with Applications},
  volume={14},
  number={4},
  pages={281--297},
  year={2007},
  publisher={Wiley Online Library}
}

@article{golub2003solving,
  title={On solving block-structured indefinite linear systems},
  author={G.~H.~Golub and C.~Greif},
  journal=SISC,
  volume={24},
  number={6},
  pages={2076--2092},
  year={2003},
  publisher={SIAM}
}

@article{paige1975solution,
  title={Solution of sparse indefinite systems of linear equations},
  author={C.~C.~Paige and M.~A.~Saunders},
  journal=SINUM,
  volume={12},
  number={4},
  pages={617--629},
  year={1975},
  publisher={SIAM}
}

@article{silvester1993fast,
  title={Fast iterative solution of stabilised {S}tokes systems {P}art {I}: {U}sing simple diagonal preconditioners},
  author={A.~J.~Wathen and D.~J.~Silvester },
  journal=SINUM,
  volume={30},
  number={3},
  pages={630--649},
  year={1993},
  publisher={SIAM}
}

@article{silvester1994fast,
  title={Fast iterative solution of stabilised {S}tokes systems {P}art {II}: {U}sing general block preconditioners},
  author={D.~J.~Silvester and A.~J.~Wathen},
  journal=SINUM,
  volume={31},
  number={5},
  pages={1352--1367},
  year={1994},
  publisher={SIAM}
}

@book{wells2012automated,
TITLE = {Automated solution of differential equations by the finite
              element method},
    SERIES = {Lecture Notes in Computational Science and Engineering},
    VOLUME = {84},
    EDITOR = {A.~Logg and K.~A.~Mardal and G.~N.~Wells},
 PUBLISHER = {Springer, Heidelberg},
      YEAR = {2012},
     PAGES = {xiv+723},
      ISBN = {978-3-642-23098-1; 978-3-642-23099-8},
   MRCLASS = {65-02 (65M60 65N30 65Y15)},
  MRNUMBER = {3075806},
       DOI = {10.1007/978-3-642-23099-8},
       URL = {http://dx.doi.org/10.1007/978-3-642-23099-8},
}

@article{saad1986gmres,
  title={{GMRES}: A generalized minimal residual algorithm for solving nonsymmetric linear systems},
  author={Y.~Saad and M.~H.~Schultz},
  journal={SIAM Journal on Scientific and Statistical Computing},
  volume={7},
  number={3},
  pages={856--869},
  year={1986},
  publisher={SIAM}
}

@article{hestenes1952methods,
  title={Methods of conjugate gradients for solving linear systems},
  author={M.~R.~Hestenes and E.~Stiefel},
  journal = {Journal of Research of the National Bureau of Standards},
  volume = {49},
  year = {1952},
  pages = {409--436},
  issn = {0160-1741},
}
}

@article{taylor1973numerical,
  title={A numerical solution of the {N}avier-{S}tokes equations using the finite element technique},
  author={C.~Taylor and P.~Hood},
  journal={Computers and Fluids},
  volume={1},
  number={1},
  pages={73--100},
  year={1973},
  publisher={Elsevier}
}

@incollection{falgout2002hypre,
year={2002},
isbn={978-3-540-43594-5},
booktitle={Computational Science — ICCS 2002},
volume={2331},
series={Lecture Notes in Computer Science},
doi={10.1007/3-540-47789-6_66},
title={{\em hypre}: A Library of High Performance Preconditioners},
url={http://dx.doi.org/10.1007/3-540-47789-6_66},
publisher={Springer Berlin Heidelberg},
author={R.~D.~Falgout and U.~Yang},
pages={632-641},
language={English}
}




@article{schotzau2004mixed,
  title={Mixed finite element methods for stationary incompressible magneto--hydrodynamics},
  author={D.~Sch{\"o}tzau},
  journal=NUMMA,
  volume={96},
  number={4},
  pages={771--800},
  year={2004},
  publisher={Springer}
}


@article{greif2006preconditioners,
  title={Preconditioners for saddle point linear systems with highly singular (1, 1) blocks},
  author={C.~Greif and D.~Sch{\"o}tzau},
  journal={Electronic Transactions on Numerical Analysis, Special Volume on Saddle Point Problems},
  volume={22},
  pages={114--121},
  year={2006}
}

@PHDTHESIS{li2010numerical,
  author={D.~Li},
  title={Numerical {S}olution of the {T}ime-{H}armonic {M}axwell equations and {I}ncompressible {M}agnetohydrodynamics {P}roblems},
  year={2010},
  school={University of British Columbia}
}


@MASTERSTHESIS{mythesis,
  author={M.~Wathen},
  title={Iterative {S}olution of a {M}ixed {F}inite {E}lement {D}iscretisation of
an {I}ncompressible {M}agnetohydrodynamics {P}roblem},
  year={2014},
  school={University of British Columbia}
}
@article{hiptmair2007nodal,
  title={Nodal auxiliary space preconditioning in {$H$(curl) and $H$(div)} spaces},
  author={R.~Hiptmair and J.~Xu},
  journal=SINUM,
  volume={45},
  number={6},
  pages={2483--2509},
  year={2007},
  publisher={SIAM}
}

@article {MR2911387,
    AUTHOR = {D.~Li and C.~Greif and D.~Sch{\"o}tzau},
     TITLE = {Parallel numerical solution of the time-harmonic {M}axwell
              equations in mixed form},
  JOURNAL = {Numerical Linear Algebra with Applications},
    VOLUME = {19},
      YEAR = {2012},
    NUMBER = {3},
     PAGES = {525--539},
      ISSN = {1070-5325},
     CODEN = {NLAAEM},
   MRCLASS = {65N22 (65F08 65N30 78M10)},
  MRNUMBER = {2911387},
MRREVIEWER = {Wensheng Zhang},
       DOI = {10.1002/nla.782},
       URL = {http://dx.doi.org/10.1002/nla.782},
}

@article{armero1996long,
  title={Long-term dissipativity of time-stepping algorithms for an abstract evolution equation with applications to the incompressible {MHD} and {N}avier-{S}tokes equations},
  author={F.~Armero and J.~C.~Simo},
  journal=CMAME,
  volume={131},
  number={1},
  pages={41--90},
  year={1996},
  publisher={Elsevier}
}

@article{gerbeau2000stabilized,
  title={A stabilized finite element method for the incompressible magnetohydrodynamic equations},
  author={J.~F.~Gerbeau},
  journal=NUMMA,
  volume={87},
  number={1},
  pages={83--111},
  year={2000},
  publisher={Springer}
}

@phdthesis{Gerbeau98,
  TITLE = {{Probl{\`e}mes math{\'e}matiques et num{\'e}riques pos{\'e}s par la mod{\'e}lisation de l'electrolyse de l'aluminium}},
  AUTHOR = {J.~F.~Gerbeau},
  URL = {https://pastel.archives-ouvertes.fr/tel-00005593},
  HAL_LOCAL_REFERENCE = {PASTEL.OAI2:105},
  SCHOOL = {{Ecole des Ponts ParisTech}},
  YEAR = {1998},
  TYPE = {{PhD} Theses},
  PDF = {https://pastel.archives-ouvertes.fr/tel-00005593/file/tel-00005593.pdf},
  HAL_ID = {tel-00005593},
  HAL_VERSION = {v1},
}


@article{guermond2003mixed,
  title={Mixed finite element approximation of an {MHD} problem involving conducting and insulating regions: the {3D} case},
  author={J.~L.~Guermond and P.~D.~Minev},
  journal={Numerical Methods for Partial Differential Equations},
  volume={19},
  number={6},
  pages={709--731},
  year={2003},
  publisher={Wiley Online Library}
}

@article{guermond2009nonlinear,
  title={Nonlinear magnetohydrodynamics in axisymmetric heterogeneous domains using a {F}ourier/finite element technique and an interior penalty method},
  author={J.~L.~Guermond and R.~Laguerre and J.~L{\'e}orat and C.~Nore},
  journal={Journal of Computational Physics},
  volume={228},
  number={8},
  pages={2739--2757},
  year={2009},
  publisher={Elsevier}
}

@article{gunzburger1991existence,
  title={On the existence, uniqueness, and finite element approximation of solutions of the equations of stationary, incompressible magnetohydrodynamics},
  author={M.~D.~Gunzburger and A.~J.~Meir and J.~S.~Peterson},
  journal={Mathematics of Computation},
  volume={56},
  number={194},
  pages={523--563},
  year={1991}
}


@article{phillips2014block,
  title={A Block Preconditioner for an Exact Penalty Formulation for Stationary {MHD}},
  author={E.~G.~Phillips and H.~C.~Elman and E.~C.~Cyr and J.~N.~Shadid and R.~P.~Pawlowski},
  journal = {SIAM Journal on Scientific Computing},
  volume = {36},
  number = {6},
  pages = {B930-B951},
  year = {2014},
  doi = {10.1137/140955082},

  URL = {
          http://dx.doi.org/10.1137/140955082

  },
  eprint = {
          http://dx.doi.org/10.1137/140955082

  }

}


@article{hiptmair2002finite,
  title={Finite elements in computational electromagnetism},
  author={R.~Hiptmair},
  journal={Acta Numerica},
  volume={11},
  pages={237--339},
  year={2002},
  publisher={Cambridge Univ Press}
}

@book{davidson2001introduction,
  AUTHOR = {P.~A.~Davidson},
  TITLE = {An Introduction to Magnetohydrodynamics},
  SERIES = {Cambridge Texts in Applied Mathematics},
  PUBLISHER = {Cambridge University Press, Cambridge},
  YEAR = {2001},
  PAGES = {xviii+431},
  ISBN = {0-521-79487-0},
  MRCLASS = {76W05 (76-01)},
  MRNUMBER = {1825486 (2002c:76103)},
  MRREVIEWER = {Manuel N{\'u}{\~n}ez Jim{\'e}nez},
  DOI = {10.1017/CBO9780511626333},
  URL = {http://dx.doi.org/10.1017/CBO9780511626333},
}

@book{le2006mathematical,
  title={Mathematical Methods for the Magnetohydrodynamics of Liquid Metals},
  author={J.~F.~Gerbeau and C.~Le.~Bris and T.~Leli{\`e}vre},
  year={2006},
  publisher={Oxford University Press}
}

@book{muller2001magnetofluiddynamics,
  title={Magnetofluiddynamics in Channels and Containers},
  author={U.~M{\"u}ller and L.~B{\"u}hler},
  year={2001},
  publisher={Springer}
}

@book{acheson1990elementary,
  title={Elementary Fluid Dynamics},
  author={D.~J.~Acheson},
  year={1990},
  publisher={Clarendon press Oxford}
}


@BOOK{roberts1967introduction,
  title = {An Introduction to {M}agnetohydrodynamics},
  publisher = {Longmans},
  year = {1967},
  author = {P. H. Roberts},
  address = {London},
  owner = {Administrator},
  timestamp = {2010.08.24}
}

@article{codina2006stabilized,
  title={Stabilized finite element approximation of the stationary magneto-hydrodynamics equations},
  author={R.~Codina and N.~Hern{\'a}ndez-Silva},
  journal=COMPMECH,
  volume={38},
  number={4-5},
  pages={344--355},
  year={2006},
  publisher={Springer}
}

@article{costabel2000singularities,
  title={Singularities of Electromagnetic Fields in Polyhedral Domains},
  author={M.~Costabel and M.~Dauge},
  journal=ARMA,
  volume={151},
  number={3},
  pages={221--276},
  year={2000},
  publisher={Springer}
}



@article{demkowicz1998modeling,
  title={Modelling of electromagnetic absorption/scattering problems using $hp$-adaptive finite elements},
  author={L.~Demkowicz and L.~Vardapetyan},
  journal=CMAME,
  volume={152},
  number={1},
  pages={103--124},
  year={1998},
  publisher={Elsevier}
}

@book{saad2003iterative,
    AUTHOR = {Y.~Saad},
     TITLE = {Iterative Methods for Sparse Linear Systems},
   EDITION = {Second},
 PUBLISHER = {SIAM, Philadelphia,
              PA},
      YEAR = {2003},
     PAGES = {xviii+528},
      ISBN = {0-89871-534-2},
   MRCLASS = {65-01 (65F10 65F50)},
  MRNUMBER = {1990645 (2004h:65002)},
MRREVIEWER = {Arnold Reusken},
       DOI = {10.1137/1.9780898718003},
       URL = {http://dx.doi.org/10.1137/1.9780898718003},
}

@book{monk2003finite,
  title={Finite Element Methods for {M}axwell's Equations},
  author={P.~Monk},
  year={2003},
  publisher={Oxford University Press}
}

@article{saad1993flexible,
  title={A flexible inner-outer preconditioned {GMRES} algorithm},
  author={Y.~Saad},
  journal=SISC,
  volume={14},
  number={2},
  pages={461--469},
  year={1993},
  publisher={SIAM}
}


@incollection {MR0461857,
year={1976},
isbn={978-3-540-07610-0},
booktitle={Numerical Analysis},
volume={506},
series={Lecture Notes in Mathematics},
editor={Watson, G.Alistair},
doi={10.1007/BFb0080116},
title={Conjugate gradient methods for indefinite systems},
url={http://dx.doi.org/10.1007/BFb0080116},
publisher={Springer Berlin Heidelberg},
author={R.~Fletcher},
pages={73-89},
language={English}
}

@article {MR1149111,
    author = {H.~A.~van der Vorst},
     title = {Bi-{CGSTAB}: a fast and smoothly converging variant of
              {B}i-{CG} for the solution of nonsymmetric linear systems},
   journal = {SIAM Journal on Scientific and Statistical Computing},
    volume = {13},
      year = {1992},
    number = {2},
     pages = {631--644},
      issn = {0196-5204},
}

@article {MR1137197,
    author = {R.~W.~Freund and N.~M.~Nachtigal},
     title = {Q{MR}: a quasi-minimal residual method for non-{H}ermitian
              linear systems},
   journal = {Numerische Mathematik},
    volume = {60},
      year = {1991},
    number = {3},
     pages = {315--339},
      issn = {0029-599X},
}

@BOOK{Brezzi91,
  title = {Mixed and Hybrid Finite Element Methods},
  publisher = {Springer-Verlag New York, Inc.},
  year = {1991},
  author = {F.~Brezzi and M.~Fortin},
  address = {New York, NY, USA},
  isbn = {0-387-97582-9}
}

@INPROCEEDINGS{ArnoldBrezziCockburnMariniDGM,
  author = {D.~Arnold and F.~Brezzi and B.~Cockburn and D.~Marini},
  title = {{DG} methods for elliptic problems},
  booktitle = DGM,
  year = {2000},
  editor = {B. Cockburn and G.E. Karniadakis and C.-W. Shu},
  volume = {11},
  series = DGMref,
  pages = {89--101},
  owner = {Administrator},
  timestamp = {2010.08.24}
}

@article {MR2571343,
    AUTHOR = {A.~Linke},
     TITLE = {Collision in a cross-shaped domain---a steady 2{D}
              {N}avier-{S}tokes example demonstrating the importance of mass
              conservation in {CFD}},
   JOURNAL = {Computer Methods in Applied Mechanics and Engineering},
    VOLUME = {198},
      YEAR = {2009},
    NUMBER = {41-44},
     PAGES = {3278--3286},
      ISSN = {0045-7825},
     CODEN = {CMMECC},
   MRCLASS = {76D05 (65N30)},
  MRNUMBER = {2571343},
       DOI = {10.1016/j.cma.2009.06.016},
       URL = {http://dx.doi.org/10.1016/j.cma.2009.06.016},
}

@article {GreifLiSchotzauWei2010,
    AUTHOR = {C.~Greif and Li and D.~Sch{\"o}tzau and X.~Wei},
     TITLE = {A mixed finite element method with exactly divergence-free
              velocities for incompressible magnetohydrodynamics},
   JOURNAL = {Computer Methods in Applied Mechanics and Engineering.},
    VOLUME = {199},
      YEAR = {2010},
    NUMBER = {45-48},
     PAGES = {2840--2855}
}

@article {MR2304270,
    AUTHOR = {B.~Cockburn and G.~Kanschat and D.~Sch{\"o}tzau},
     TITLE = {A note on discontinuous {G}alerkin divergence-free solutions
              of the {N}avier-{S}tokes equations},
  JOURNAL = {Journal of Scientific Computing},
    VOLUME = {31},
      YEAR = {2007},
    NUMBER = {1-2},
     PAGES = {61--73},
      ISSN = {0885-7474},
     CODEN = {JSCOEB},
   MRCLASS = {76M10 (65N30 76D05)},
  MRNUMBER = {2304270 (2008f:76109)},
MRREVIEWER = {Etienne Emmrich},
       DOI = {10.1007/s10915-006-9107-7},
       URL = {http://dx.doi.org/10.1007/s10915-006-9107-7},
}



@article{XuAuxillary,
year={1996},
issn={0010-485X},
journal={Computing},
volume={56},
number={3},
doi={10.1007/BF02238513},
title={The auxiliary space method and optimal multigrid preconditioning techniques for unstructured grids},
url={http://dx.doi.org/10.1007/BF02238513},
publisher={Springer-Verlag},
keywords={65N22; 65F10; 65N30; 65N55; Unstructured grids; finite elements; multigrid; precondition},
author={J.~Xu},
pages={215-235},
language={English}
}


@article{kolev2009parallel,
  title={Parallel auxiliary space {AMG} for ${H}$(curl) problems},
  author={T.~V.~Kolev and P.~Vassilevski},
  journal=JCM,
  volume={27},
  number={5},
  pages={604--623},
  year={2009}
}


@article{douglas1989absolutely,
  title={An absolutely stabilized finite element method for the {S}tokes problem},
  author={J.~Douglas and J.~P.~Wang},
  journal={Mathematics of Computation},
  volume={52},
  number={186},
  pages={495--508},
  year={1989}
}

@article{norburn1998stabilised,
  title={Stabilised vs. stable mixed methods for incompressible flow},
  author={S.~Norburn and D.~Silvester},
  journal={Computer Methods in Applied Mechanics and Engineering},
  volume={166},
  number={1},
  pages={131--141},
  year={1998},
  publisher={Elsevier}
}
@article{BGL,
author = {M.~Benzi and G.~Golub and J.~Liesen},
title = {Numerical solution of saddle point problems},
journal = {Acta Numerica},
volume = {14},
year = {2005},
issn = {1474-0508},
pages = {1--137},
numpages = {137},
doi = {10.1017/S0962492904000212},
URL = {http://journals.cambridge.org/article_S0962492904000212},
}


@article{MaximalNull,
author = {R.~Estrin and C.~Greif},
title = {On Nonsingular Saddle-Point Systems with a Maximally Rank Deficient Leading Block},
journal = {SIAM {J}ournal on {M}atrix {A}nalysis and {A}pplications},
volume = {36},
number = {2},
pages = {367-384},
year = {2015},
doi = {10.1137/140989996},
}

@article{ipsen2001note,
  title={A note on preconditioning nonsymmetric matrices},
  author={I.~Ipsen},
  journal={SIAM {J}ournal on Scientific Computing},
  volume={23},
  number={3},
  pages={1050--1051},
  year={2001},
  publisher={SIAM}
}
@misc{scotch,
author = {F.~Pellegrini},
title = {{S}cotch},
note = {\url{http://www.labri.fr/perso/pelegrin/scotch}}
}

@article{bosch2014fast,
  title={Fast solvers for Cahn--Hilliard inpainting},
  author={J.~Bosch and d.~Kay and m.~Stoll and A.~Wathen},
  journal={{S}IAM {J}ournal on {I}maging {S}ciences},
  volume={7},
  number={1},
  pages={67--97},
  year={2014},
  publisher={SIAM}
}

